<record><leader>00000cas a2200000 a 4500</leader><controlfield tag="001">8178118</controlfield><controlfield tag="008">820222c19uu9999ohudn ne      0   a0eng d</controlfield><datafield ind1=" " ind2=" " tag="010"><subfield code="a">sn 82001063 </subfield></datafield><datafield ind1=" " ind2=" " tag="040"><subfield code="a">NSD</subfield><subfield code="b">eng</subfield><subfield code="c">NSD</subfield><subfield code="d">CAS</subfield><subfield code="d">OCL</subfield><subfield code="d">OCLCQ</subfield></datafield><datafield ind1=" " ind2=" " tag="012"><subfield code="m">1</subfield></datafield><datafield ind1="1" ind2=" " tag="022"><subfield code="a">0011-5487</subfield><subfield code="l">0011-5487</subfield><subfield code="2">1</subfield></datafield><datafield ind1=" " ind2=" " tag="030"><subfield code="a">DAREEY</subfield></datafield><datafield ind1=" " ind2=" " tag="032"><subfield code="a">145520</subfield><subfield code="b">USPS</subfield></datafield><datafield ind1=" " ind2=" " tag="037"><subfield code="b">Reporter Publishing Co., 329 S. Front St., Columbus, Ohio 43215-5094</subfield></datafield><datafield ind1=" " ind2=" " tag="042"><subfield code="a">nsdp</subfield></datafield><datafield ind1=" " ind2="0" tag="222"><subfield code="a">Daily reporter</subfield><subfield code="b">(Columbus, Ohio)</subfield></datafield><datafield ind1="0" ind2="0" tag="245"><subfield code="a">Daily reporter.</subfield></datafield><datafield ind1=" " ind2=" " tag="260"><subfield code="a">[Columbus, Ohio :</subfield><subfield code="b">Reporter Pub. Co.]</subfield></datafield><datafield ind1=" " ind2=" " tag="310"><subfield code="a">Daily (except Saturday, Sunday, Martin Luther King's Birthday, Washington's Birthday, Memorial Day, July 4th, Labor Day, Columbus, Day, Veterans Day, Thanksgiving and Christmas)</subfield></datafield><datafield ind1=" " ind2=" " tag="588"><subfield code="a">Description based on: Vol. 136, no. 83 (Feb. 1, 1982); title from caption.</subfield></datafield><datafield ind1=" " ind2=" " tag="936"><subfield code="a">Feb. 1, 1982</subfield></datafield></record>